@inproceedings{kouros20183d,
	title={3d underground mapping with a mobile robot and a gpr antenna},
	author={Kouros, Georgios and Kotavelis, Ioannis and Skartados, Evangelos and Giakoumis, Dimitrios and Tzovaras, Dimitrios and Simi, Alessandro and Manacorda, Guido},
	booktitle={2018 IEEE/RSJ International Conference on Intelligent Robots and Systems (IROS)},
	pages={3218--3224},
	year={2018},
	organization={IEEE}
}

References from city college
@inproceedings{feng2021gpr,
	title={GPR-based Model Reconstruction System for Underground Utilities Using GPRNet},
	author={Feng, Jinglun and Yang, Liang and Hoxha, Ejup and Sanakov, Diar and Sotnikov, Stanislav and Xiao, Jizhong},
	booktitle={2021 IEEE International Conference on Robotics and Automation (ICRA)},
	pages={845--851},
	year={2021},
	organization={IEEE}
}
@phdthesis{herman1997robotic,
	title={Robotic subsurface mapping using ground penetrating radar},
	author={Herman, Herman},
	year={1997},
	school={Citeseer}
}

@article{lever2016robotic,
	title={Robotic Ground-Penetrating-Radar (GPR) Surveys to Support the 2014 Greenland Inland Traverse},
	author={Lever, James H and Courville, Zoe R and Punt, Douglas A},
	year={2016},
	publisher={United States. Army. Corps of Engineers.}
}

@techreport{andrews1999research,
	title={Research of ground-penetrating radar for detection of mines and unexploded ordnance: Current status and research strategy},
	author={Andrews, Anne and Ralston, James and Tuley, Michael},
	year={1999},
	institution={INSTITUTE FOR DEFENSE ANALYSES ALEXANDRIA VA}
}

Wavesense
@online{wavesense2020,
	ALTauthor = {Eugene},
	ALTeditor = {Demaitre},
	title = {WaveSense develops ground-penetrating radar for vehicles, robots},
	date = {03/25/2021},
	url = {https://www.therobotreport.com/wavesense-develps-ground-penetrating-radar-vehicles-robots/}
}

@STANDARD {astmd6432_19,
	title        = "Standard Guide for Using the Surface Ground Penetrating Radar Method for Subsurface Investigation",
	organization = "astm.org",
	institution  = "ASTM International",
	url          = "https://www.astm.org/Standards/D6432.htm"
}

@STANDARD {AASHTO_R_37,
	title        = "Standard Practice for Application of Ground Penetrating Radar (GPR) to Highways",
	organization = "AASHTO",
	institution  = "ASTM International",
	howpublished = "Online",
	address      = "https://standards.globalspec.com/std/10289721/AASHTO%20R%2037",
	year         = "2004",
	month        = "jan",
	url          = "https://www.astm.org/Standards/D6432.htm"
}

@STANDARD {nec2020,
	title        = "NFPA 70, National Electrical Code 2020",
	organization = "National Fire Protection Association",
	institution  = "National Electrical Code",
	howpublished = "Book",
	url          = "https://www.nfpa.org/NEC/About-the-NEC/Explore-the-2020-NEC"
}

@STANDARD {cfr2021,
	title        = "Code of Federal Regulations",
	organization = "National Archives and Records Administration",
	howpublished = "online",
	number       = "Title 47",
	url          = "https://www.ecfr.gov/current/title-47"
}

Patents
@inproceedings{zhang200724ghz,
	title={24GHz software-defined radar system for automotive applications},
	author={Zhang, Hui and Li, Lin and Wu, Ke},
	booktitle={2007 European Conference on Wireless Technologies},
	pages={138--141},
	year={2007},
	organization={IEEE}
}

@misc{alford_jordan_konakchiev_kueny_mizgorski_salotti_starr_tobiassen_2021, title={underground infrastructure sensing using unmanned aerial vehicle (uav)}, author={Alford, Nate and Jordan, Mark and Konakchiev, Galin and Kueny, Todd and Mizgorski, Jason and Salotti, Foster J and Starr, Justin and Tobiassen, Thorin}, year={2021}, month={Sep}}